<?xml version='1.0' encoding='UTF-8'?>
<record xmlns="http://www.loc.gov/MARC21/slim">
  <leader>01181cam a22003255  4500</leader>
  <controlfield tag="001">2786312</controlfield>
  <controlfield tag="003">NjP</controlfield>
  <controlfield tag="005">20171013180832.0</controlfield>
  <controlfield tag="008">991114s1950    iq            000 0 ara d</controlfield>
  <datafield tag="024" ind1="7" ind2=" ">
    <subfield code="a">princeton_aco002723</subfield>
    <subfield code="2">local</subfield>
  </datafield>
  <datafield ind1=" " ind2=" " tag="035">
    <subfield code="a">(OCoLC)ocn178671319</subfield>
  </datafield>
  <datafield ind1=" " ind2=" " tag="035">
    <subfield code="a">(OCoLC)ocm42823951</subfield>
  </datafield>
  <datafield ind1=" " ind2=" " tag="035">
    <subfield code="a">(OCoLC)178671319</subfield>
  </datafield>
  <datafield ind1=" " ind2=" " tag="035">
    <subfield code="9">CNJ5096TS</subfield>
  </datafield>
  <datafield ind1=" " ind2=" " tag="035">
    <subfield code="a">(NjP)2786312</subfield>
  </datafield>
  <datafield ind1=" " ind2=" " tag="040">
    <subfield code="a">PUL</subfield>
    <subfield code="c">PUL</subfield>
    <subfield code="d">PUL</subfield>
  </datafield>
  <datafield ind1=" " ind2=" " tag="049">
    <subfield code="a">PULL</subfield>
  </datafield>
  <datafield ind1=" " ind2=" " tag="079">
    <subfield code="a">ocm42823951</subfield>
  </datafield>
  <datafield ind1="1" ind2=" " tag="100">
    <subfield code="6">880-01</subfield>
    <subfield code="a">Jawād, Muṣṭafá,</subfield>
    <subfield code="d">1905-1969.</subfield>
    <subfield code="0">http://id.loc.gov/authorities/names/n82235754</subfield>
  </datafield>
  <datafield ind1="0" ind2="0" tag="245">
    <subfield code="6">880-02</subfield>
    <subfield code="a">Abū Jaʻfar al-Naqīb.</subfield>
  </datafield>
  <datafield ind1=" " ind2=" " tag="260">
    <subfield code="6">880-03</subfield>
    <subfield code="a">Bagdad,</subfield>
    <subfield code="b">Maṭbaʻat al-Hilāl</subfield>
    <subfield code="c">[1950?]</subfield>
  </datafield>
  <datafield ind1=" " ind2=" " tag="300">
    <subfield code="a">123 p.</subfield>
    <subfield code="c">17 cm.</subfield>
  </datafield>
  <datafield ind1=" " ind2=" " tag="546">
    <subfield code="a">In Arabic.</subfield>
  </datafield>
  <datafield ind1="1" ind2="0" tag="600">
    <subfield code="6">880-04</subfield>
    <subfield code="a">Ibn Abī Zayd al-ʻAlawī, Yaḥyā ibn Muḥammad,</subfield>
    <subfield code="d">1153-1216.</subfield>
  </datafield>
  <datafield ind1="1" ind2=" " tag="880">
    <subfield code="6">100-01/r</subfield>
    <subfield code="a">جواد، مصطفى،</subfield>
    <subfield code="d">1905-1969.</subfield>
  </datafield>
  <datafield ind1="0" ind2="0" tag="880">
    <subfield code="6">245-02/r</subfield>
    <subfield code="a">ابو جعفر النقيب.</subfield>
  </datafield>
  <datafield ind1=" " ind2=" " tag="880">
    <subfield code="6">260-03/r</subfield>
    <subfield code="a">بگدد،</subfield>
    <subfield code="b">مطبعة الهلال</subfield>
    <subfield code="c">[1950؟]</subfield>
  </datafield>
  <datafield ind1="1" ind2="0" tag="880">
    <subfield code="6">600-04/r</subfield>
    <subfield code="a">ابن ابي زيد العلوي، يحيا بن محمد،</subfield>
    <subfield code="d">1153-1216.</subfield>
  </datafield>
  <datafield ind1=" " ind2=" " tag="911">
    <subfield code="a">20000130</subfield>
  </datafield>
  <datafield ind1=" " ind2=" " tag="994">
    <subfield code="a">C0</subfield>
    <subfield code="b">PUL</subfield>
  </datafield>
  <datafield ind1=" " ind2=" " tag="999">
    <subfield code="a">2786312</subfield>
  </datafield>
  <datafield ind1="0" ind2="0" tag="852">
    <subfield code="0">3097269</subfield>
    <subfield code="b">rcppa</subfield>
    <subfield code="t">1</subfield>
    <subfield code="h">BP80.I26</subfield>
    <subfield code="i">J393 1950</subfield>
    <subfield code="x">tr fr nec</subfield>
  </datafield>
  <datafield ind1=" " ind2=" " tag="959">
    <subfield code="a">2009-06-30 11:33:28 -0500</subfield>
  </datafield>
</record>
